<?xml version="1.0" encoding="UTF-8"?><collection xmlns="http://www.loc.gov/MARC21/slim"><record><leader>00353nam--2200133-i-4500</leader><controlfield tag="001">000025221</controlfield><controlfield tag="002">20161230</controlfield><controlfield tag="005">20161230201035</controlfield><controlfield tag="008">060222s1000------------r-----000-0-eng-d</controlfield><datafield ind1=" " ind2=" " tag="100"><subfield code="a">Heisenberg Werner</subfield></datafield><datafield ind1=" " ind2=" " tag="245"><subfield code="a">La physique du noyau atomique</subfield></datafield><datafield ind1=" " ind2=" " tag="260"><subfield code="a">Paris, Albin Michel, 1954, Viii + 214p. Cu Fig</subfield></datafield><datafield ind1=" " ind2=" " tag="490"><subfield code="a">Sciences D`Aujourd`Hui</subfield></datafield><datafield ind1=" " ind2=" " tag="852"><subfield code="a">10327</subfield></datafield></record></collection>